@Book{okumura07,
  author = 	 {奥村晴彦},
  title = 	 {\LaTeXe 美文書作成入門},
  publisher = 	 {技術評論社},
  year = 	 2007,
  edition = 	 4
}

@Book{okumura93,
  author = 	 {奥村晴彦},
  title = 	 {\LaTeX 入門 ---美文書作成のポイント---},
  publisher = 	 {技術評論社},
  year = 	 1993
}


@Article{hijikata04,
  author = 	 {土方嘉徳},
  title = 	 {情報推薦・情報フィルタリングのためのユーザプロファイリング技術},
  journal = 	 {人工知能学会論文誌},
  year = 	 2004,
  volume = 	 19,
  number = 	 3,
  pages = 	 {365-372}}

@Article{karikome09,
  author = 	 {苅米志帆乃 and 藤井敦},
  title = 	 {栄養素等摂取バランスを考慮した料理レシピ検索システム},
  journal = 	 {電子情報通信学会論文誌,},
  year = 	 2009,
  volume = 	 {J92-D},
  number = 	 7,
  pages = 	 {975-983}}

@Article{ueda08,
  author = 	 {上田真由美 and 石原和幸 and 平野靖 and 梶田将司 and 間瀬健二},
  title = 	 {食材利用履歴に基づき個人の嗜好を反映するレシピ推薦方法},
  journal = 	 {日本データベース学会Letters},
  year = 	 2008,
  volume = 	 6,
  number = 	 4,
  pages = 	 {29-32}}

@InProceedings{li09,
  author = 	 {李福実 and 上田真由美 and 平野靖 and 梶田将司 and 間瀬健二},
  title = 	 {個人の嗜好を考慮した料理レシピ推薦システムにおける栄養情報の取り扱いに関する検討},
  booktitle = {Proceedings of the 3rd Forum on Data Engineering and Information Management},
  year = 	 2009,
  note = 	 {E5-3}
}

@Book{jikkyo10,
  editor = 	 {実教出版編集部},
  title = 	 {新カラーグラフ五訂増補食品成分表 2010},
  publisher = 	 {実教出版},
  year = 	 2010}

@Book{igarashi05,
  author = 	 {五十嵐脩},
  title = 	 {栄養キーワード事典},
  publisher = 	 {池田書店},
  year = 	 2005}

