@Book{sokal00jp,
  author     = {ソーカル, A. D. and アラン and ブリクモン, J.},
  translator = {田崎, 晴明 and 大野, 克嗣 and 堀, 茂樹},
  title      = {「知」の欺瞞 ― ポストモダン思想における科学の濫用},
  publisher  = {岩波書店},
  year       = 2000,
  yomi       = {aそーかる}
}

@Article{sampleYY1,
  author  = {第１著者 and 第２著者 and 第３著者},
  title   = {論文名},
  journal = {掲載誌名},
  year    = {出版年},    % 出版年
  volume  = {xx},       % 巻
  number  = {xx},       % 号
  pages   = {xxx-xxx},  % ページ番号
  yomi    = {bさんぷる1}
}

@Book{sampleYY2,
  author     = {著者},
  title      = {書名},
  publisher  = {出版社},
  year       = {出版年},
  yomi    = {cさんぷる2}
}
